<?xml version="1.0" encoding="UTF-8"?><collection xmlns="http://www.loc.gov/MARC21/slim"><record><leader>00576nam--2200193-u-4500</leader><controlfield tag="001">000050441</controlfield><controlfield tag="002">20161230</controlfield><controlfield tag="005">20170123174521</controlfield><controlfield tag="008">070322s1000------------r-----000-0-eng-d</controlfield><datafield ind1=" " ind2=" " tag="020"><subfield code="a">354066517X</subfield></datafield><datafield ind1=" " ind2=" " tag="040"><subfield code="a">IFIN-HH</subfield></datafield><datafield ind1=" " ind2=" " tag="080"><subfield code="a">530.145:519.72</subfield></datafield><datafield ind1="1" ind2=" " tag="100"><subfield code="a">Green, Herbert S</subfield></datafield><datafield ind1="1" ind2="0" tag="245"><subfield code="a">Information Theory and Quantum Physics</subfield><subfield code="b">Physical Foundations for Understanding the Conscious Process</subfield><subfield code="c">H.S. Green</subfield></datafield><datafield ind1=" " ind2=" " tag="260"><subfield code="a">Berlin</subfield><subfield code="b">Springer-Verlag</subfield><subfield code="c">2000</subfield></datafield><datafield ind1=" " ind2=" " tag="300"><subfield code="a">244 p</subfield></datafield><datafield ind1=" " ind2=" " tag="490"><subfield code="a">Texts and Monographs in Physics</subfield></datafield><datafield ind1=" " ind2=" " tag="852"><subfield code="a">81828</subfield><subfield code="c">530.1</subfield></datafield><datafield ind1=" " ind2=" " tag="CAT"><subfield code="a">SYS</subfield><subfield code="c">20170123</subfield><subfield code="h">174521</subfield></datafield></record></collection>